<?xml version="1.0" encoding="UTF-8"?><collection><record><leader>07557ntm a2200661 a 4500</leader><controlfield tag="001">006805291</controlfield><controlfield tag="003">MiAaHDL</controlfield><controlfield tag="005">20190719000000.0</controlfield><controlfield tag="006">m        d        </controlfield><controlfield tag="007">cr bn ---auaua</controlfield><controlfield tag="008">090531q15971598xx            00| ||per d</controlfield><datafield tag="035" ind1=" " ind2=" "><subfield code="a">(MiU)006805291</subfield></datafield><datafield tag="035" ind1=" " ind2=" "><subfield code="a">sdr-miu006805291</subfield></datafield><datafield tag="040" ind1=" " ind2=" "><subfield code="a">MiU</subfield><subfield code="c">MiU</subfield><subfield code="e">amremm</subfield></datafield><datafield tag="043" ind1=" " ind2=" "><subfield code="a">n-us-mi</subfield></datafield><datafield tag="100" ind1="1" ind2=" "><subfield code="6">880-01</subfield><subfield code="a">Gāzurgāhī, Ḥusayn ibn Ismāʻīl,</subfield><subfield code="d">15th cent.</subfield></datafield><datafield tag="245" ind1="1" ind2="0"><subfield code="6">880-03</subfield><subfield code="a">Majālis al-ʻushshāq,</subfield><subfield code="f">[1006, i.e. 1597 or 1598].</subfield></datafield><datafield tag="260" ind1=" " ind2=" "><subfield code="c">[1597 or 1598].</subfield></datafield><datafield tag="300" ind1=" " ind2=" "><subfield code="a">138 leaves :</subfield><subfield code="b">paper ;</subfield><subfield code="c">355 x 245 (242 x 140) mm.</subfield></datafield><datafield tag="500" ind1=" " ind2=" "><subfield code="a">Shelfmark: Ann Arbor, University of Michigan, Special Collections Library, Isl. Ms. 270</subfield></datafield><datafield tag="500" ind1=" " ind2=" "><subfield code="a">Origin: As appears in colophon at close, copied by Fūlād Muḥammad ibn Yār Muḥammad al-Bukhārī with transcription completed in 1006 [1597 or 8].</subfield></datafield><datafield tag="500" ind1=" " ind2=" "><subfield code="a">Accompanying materials: Full and half sheets of pastel blue and yellow tipped in to protect painted illuminations and illustrations.</subfield></datafield><datafield tag="500" ind1=" " ind2=" "><subfield code="a">Former shelfmark: "155" inscribed in pencil on upper pastedown and recto of front flyleaf.</subfield></datafield><datafield tag="500" ind1=" " ind2=" "><subfield code="a">Binding: Quite heavy pasteboards (8 mm. thick) now faced in what appears to be dark mahogany-painted / coated paper over red leather with edges / turn-ins in "shagreen" (turquoise in color) and rebacked in dark green coated cloth ; Type III binding (without flap) ; pastedowns and flyleaves in a light aquamarine wove paper ; upper and lower covers carry stamped (with once gold-painted leather onlays) central mandorla, epigraphic pendants with binder's signature ("عمل مير محمد يعقوب خواجه"), and bordering lozenges and cornerpieces ; now sewn in heavy white thread, two stations ; worked chevron endbands in yellow and light blue, fair condition ; overall in fairly poor condition with significant abrasion, lifting and losses of leather and paper, staining, etc. ; seems much repaired.</subfield></datafield><datafield tag="500" ind1=" " ind2=" "><subfield code="a">Support: non-European (likely Persian) laid paper with 6-7 laid lines per cm. (horizontal, fairly distinct) and no chain lines clearly visible, quite sturdy and fairly thick though transluscent, well-burnished.</subfield></datafield><datafield tag="500" ind1=" " ind2=" "><subfield code="a">Decoration: Exquisite illuminated roundel / shamsah frontispiece on 'title page' carries a patronage statement in white on a central field of gold surrounded by ornamented bands of white, black with delicate floral motifs in white, yellow and red, gold with black crosses and outermost lapis lazuli with arabesques and floral motifs in gold, yellow, white, red, light blue and black and radiating stalks (tīgh) ; superb illuminated headpiece (ʻunwān / sarlawḥ) at opening consisting of rectangular piece with empty gold cartouche surrounded by delicate arabesques and floral motifs in white, yellow, red, etc. on grounds of lapis, yelow and black as well as decorative bands in heavy gold interlace, white with black crosses, and black with delicate floral motifs in white, yellow, red, etc., surmounted by scalloped triangular piece or hasp set in heavy band all overlaid with arabesques and floral motifs on fields of gold, black, lapis, red, etc. with vertical stalks (tīgh) above in lapis ; gold vegetal motifs above and in the margin (where they are accented with a crudely applied blue wash) appear to be a later addition ; keywords and headings rubricated, chrysographed or in light blue ; written area surrounded by heavy frame consisting of narrow bands of gold, light blue, dark red / brown and turquoise with outermost black fillets and blue rule ; divisions within written area defined by narrow gold band outlined with black fillets ; extensively illustrated with roughly 68 half to three-quarter page miniatures ; thread tabs marking location of illustrations now covered with paper.</subfield></datafield><datafield tag="500" ind1=" " ind2=" "><subfield code="a">Script: Nastaʻlīq ; exquisite hand, large though delicate, in a medium line ; serifless, with effect of words descending to baseline, elongation and exaggerated thickness of horizontal strokes, pointing in distinct dots.</subfield></datafield><datafield tag="500" ind1=" " ind2=" "><subfield code="a">Layout: Written in 29 lines per page with written area occasionally divided to three columns to set-off poetry ; frame-ruled.</subfield></datafield><datafield tag="500" ind1=" " ind2=" "><subfield code="a">Collation: v, IV-2 (6), IV-1 (13), 2 IV(29), 2 IV-1(43), IV-4 (47), 3 IV(71), III (77), IV-4 (81), 5 IV(121), III+2 (129), III (135), I+1 (138), v ; chiefly quaternions (several anomalous) ; catchwords present.</subfield></datafield><datafield tag="500" ind1=" " ind2=" "><subfield code="a">Colophon: "Scribal," triangular, reads " تمام شد اين شريف كتاب المسمى مجالس العشاق فى شهور سنه ۱۰۰۶ كاتبه فولاد محمد بن يار محمد البخارى غفر لهما"</subfield></datafield><datafield tag="500" ind1=" " ind2=" "><subfield code="a">Explicit: "در نهصد و هشت شد روانم خامه در نهصد و نه تمام کشت این نامه م"</subfield></datafield><datafield tag="500" ind1=" " ind2=" "><subfield code="a">Incipit: "ای جمیلی که اشعه لمعات حسنت هرجا چراغی بر افروخت ز آتش عشقش خان ..."</subfield></datafield><datafield tag="500" ind1=" " ind2=" "><subfield code="a">Title from colophon.</subfield></datafield><datafield tag="500" ind1=" " ind2=" "><subfield code="a">Ms. codex.</subfield></datafield><datafield tag="510" ind1="4" ind2=" "><subfield code="a">Storey, Persian literature,</subfield><subfield code="c">v.2, pp. 959-62</subfield></datafield><datafield tag="510" ind1="4" ind2=" "><subfield code="a">Browne, A literary history of Persia,</subfield><subfield code="c">v.4, pp.439-40</subfield></datafield><datafield tag="510" ind1="4" ind2=" "><subfield code="a">Cat. Pers. MSS. Brit. Mus,</subfield><subfield code="c">pp.351-53</subfield></datafield><datafield tag="510" ind1="4" ind2=" "><subfield code="a">Uluç, Lale."Majālis al-'Ushshāq: Written in Herat, Copied in Shiraz and Read in Istanbul," in M. Uğur Derman 65 Yaş Armağanı/65th Birthday Festschrift, ed. İrvin C. Schick (Istanbul: Sabancı University, 2000),</subfield><subfield code="c">pp. 569-603.</subfield></datafield><datafield tag="510" ind1="4" ind2=" "><subfield code="a">University of Michigan Library. Manuscripts &amp; papyri : an exhibition arranged for the XXVII International Congress of Orientalists, Ann Arbor, Michigan, August 13-19, 1967. (Ann Arbor, MI [?], 1967),</subfield><subfield code="c">no.50, p.13</subfield></datafield><datafield tag="520" ind1="8" ind2=" "><subfield code="a">Elegant and extensively illustrated copy of Majālis al-ʻushshāq, a Ṣūfī work on the ecstasy of mystic and material love, compiled at the court of Sulṭān Ḥusayn Bāyqarā (r.1469-1506) at Herat.</subfield></datafield><datafield tag="538" ind1=" " ind2=" "><subfield code="a">Mode of access: Internet.</subfield></datafield><datafield tag="541" ind1=" " ind2=" "><subfield code="c">Purchase ;</subfield><subfield code="a">Acquired by purchase (funds donated by Horace Rackham).</subfield><subfield code="d">1924.</subfield></datafield><datafield tag="546" ind1=" " ind2=" "><subfield code="a">Persian.</subfield></datafield><datafield tag="561" ind1=" " ind2=" "><subfield code="a">Inscription in pencil on upper pastedown and front flyleaf "50" ; exquisite roundel /shamsah frontispiece on 'title page' carries patronage statement for the library of ʻAbdī [?] Khvājah ibn Khvājah Saʻd ibn Khvājah Muḥammad Islām [?] ( عبدى خواجه بن خواجه سعد بن خواجه محمد اسلام ؟) ; fairly clean copy.</subfield></datafield><datafield tag="650" ind1=" " ind2="0"><subfield code="a">Manuscripts, Persian</subfield><subfield code="z">Michigan</subfield><subfield code="z">Ann Arbor.</subfield></datafield><datafield tag="650" ind1=" " ind2="0"><subfield code="a">Sufi poetry, Persian</subfield><subfield code="v">Early works to 1800.</subfield></datafield><datafield tag="650" ind1=" " ind2="0"><subfield code="a">Sufis</subfield><subfield code="v">Biography</subfield><subfield code="v">Early works to 1800.</subfield></datafield><datafield tag="655" ind1=" " ind2="7"><subfield code="a">Headpieces (layout features)</subfield><subfield code="y">16th century.</subfield><subfield code="2">aat</subfield></datafield><datafield tag="700" ind1="0" ind2=" "><subfield code="a">Abdülhamid</subfield><subfield code="b">II,</subfield><subfield code="c">Sultan of the Turks,</subfield><subfield code="d">1842-1918,</subfield><subfield code="e">former owner.</subfield></datafield><datafield tag="700" ind1="0" ind2=" "><subfield code="6">880-07</subfield><subfield code="a">ʻAbdī Khvājah ibn Khvājah Saʻd ibn Khvājah Muḥammad Islām,</subfield><subfield code="d">fl. 1597,</subfield><subfield code="e">patron,</subfield><subfield code="e">former owner.</subfield></datafield><datafield tag="700" ind1="0" ind2=" "><subfield code="6">880-06</subfield><subfield code="a">Mīr Muḥammad Yaʻqūb,</subfield><subfield code="e">binder.</subfield></datafield><datafield tag="700" ind1="0" ind2=" "><subfield code="6">880-05</subfield><subfield code="a">Fūlād Muḥammad ibn Yār Muḥammad al-Bukhārī,</subfield><subfield code="d">fl. 1597,</subfield><subfield code="e">scribe.</subfield></datafield><datafield tag="773" ind1="0" ind2=" "><subfield code="a">Abdul Hamid Collection.</subfield></datafield><datafield tag="880" ind1="0" ind2=" "><subfield code="6">700-07/</subfield><subfield code="a">عبدى خواجه بن خواجه سعد بن خواجه محمد اسلام،</subfield><subfield code="e">راع،</subfield><subfield code="e">مالك سابق.</subfield></datafield><datafield tag="880" ind1="0" ind2=" "><subfield code="6">700-06/</subfield><subfield code="a">مير محمد يعقوب،</subfield><subfield code="e">مجلد.</subfield></datafield><datafield tag="880" ind1="0" ind2=" "><subfield code="6">700-05/</subfield><subfield code="a">فولاد محمد بن يار محمد البخارى،</subfield><subfield code="e">ناسخ.</subfield></datafield><datafield tag="880" ind1="1" ind2="0"><subfield code="6">245-03/</subfield><subfield code="a">مجالس العشاق,</subfield><subfield code="f">[1006ه, 1597 او 1598م].</subfield></datafield><datafield tag="880" ind1="1" ind2=" "><subfield code="6">100-01/</subfield><subfield code="a">گازرگاهى, حسين بن اساعيل.</subfield></datafield><datafield tag="CID" ind1=" " ind2=" "><subfield code="a">006805291</subfield></datafield><datafield tag="DAT" ind1="0" ind2=" "><subfield code="a">20190719102637.0</subfield><subfield code="b">20190719000000.0</subfield></datafield><datafield tag="DAT" ind1="1" ind2=" "><subfield code="a">20190719090653.0</subfield><subfield code="b">2019-07-19T16:11:31Z</subfield></datafield><datafield tag="DAT" ind1="2" ind2=" "><subfield code="a">2015-10-02T18:00:03Z</subfield></datafield><datafield tag="CAT" ind1=" " ind2=" "><subfield code="a">SDR-MIU</subfield><subfield code="d">EX LIBRIS - ALEPH</subfield><subfield code="l">prepare.pl-004-008</subfield></datafield><datafield tag="FMT" ind1=" " ind2=" "><subfield code="a">BK</subfield></datafield><datafield tag="HOL" ind1=" " ind2=" "><subfield code="0">sdr-miu006805291</subfield><subfield code="a">MiU</subfield><subfield code="b">SDR</subfield><subfield code="c">MIU</subfield><subfield code="p">mdp.39015079127323</subfield><subfield code="s">MIU</subfield><subfield code="1">006805291</subfield></datafield><datafield tag="974" ind1=" " ind2=" "><subfield code="b">MIU</subfield><subfield code="c">MIU</subfield><subfield code="d">20190719</subfield><subfield code="s">lit-dlps-dc</subfield><subfield code="u">mdp.39015079127323</subfield><subfield code="y">1598</subfield><subfield code="r">pd</subfield><subfield code="q">bib</subfield><subfield code="t">non-US bib date2 &lt; 1896</subfield></datafield></record></collection>